@book {php5,
  author    = {George Schlossnagle},
  date      = {2004},
  title     = {Pokročilé programování v PHP 5},
  edition   = {1}, % should not be stated
  publisher = {Zoner Press},
  pagetotal = {640},
  isbn      = {80-8681-514-5}
}


@book {html,
	author = {Elizabeth Castro},
    date = {2007},
    title = {HTML, XHTML a CSS},
    subtitle = {Názorný průvodce tvorbou WWW stránek}
}

@book{javascript,
	author = {Ondřej Žára},
    date = {2015},
    title = {JavaScript},
    subtitle = {Programátorské techniky a webové technologie},
    edition = {1},
    publisher = {COMPUTER PRESS},
    pagetotal = {184},
    isbn = {80-2514-573-9}
}

@book{java,
	author = {Herbert Schildt},
    date = {2016},
    title = {Java 8},
    edition = {1},
    publisher = {COMPUTER PRESS},
    isbn = {80-2514-665-1},
    isbn = {}
}

@book{cdr,
	author = {Ray Horak},
    date = {2007},
    title = {Telecommunications and Data Communications Handbook},
    edition = {2},
    publisher = {John Wiley \& Sons},
    pagetotal = {856},
    isbn = {0-470-12722-8},
    url = {https://books.google.cz/books?id=dO2wCCB7w9sC&pg=1},
    urldate   = {2017-03-13}
}

@book{postgresql,
  	author = {Salahaldin Juba, Achim Vannahme, Andrey Volkov},
  	title     = {Learning PostgreSQL},
    date = {2015},
    edition = {1},
    publisher = {Packt Publishing Ltd},
    pagetotal = {464},
    isbn = {9781783989195},
    url       = {https://books.google.cz/books?id=jfKoCwAAQBAJ&printsec=frontcover},
    urldate   = {2017-03-13}
}

@book{laravel,
  	author = {Martin Bean},
  	title     = {Laravel 5 Essentials},
    date = {2015},
    edition = {1},
    publisher = {Packt Publishing Ltd},
    pagetotal = {144},
    isbn = {9781785283291}
}

@book{ecmascript,
  	author = {ECMA International},
  	title     = {Ecmascript Language Specification (Open Documents Standards Library)},
    date = {2000},
    edition = {1},
    publisher = {Iuniverse Inc},
    pagetotal = {196},
    isbn = {978-1583482674}
}

@online{adobe_connect,
    author = "Adobe Systems Incorporated",
    title  = "Using ADOBE ® CONNECT TM 8 Web Services",
    year   = "2010",
    url    = "http://help.adobe.com/en_US/connect/8.0/webservices/connect_8_webservices.pdf",
    urldate = {2017-05-02}
}

@online{cisco_mcu,
    author = "Cisco",
    title  = "Cisco TelePresence MCU API guide 2.9",
    year   = "2012",
    url    = "http://www.cisco.com/c/dam/en/us/td/docs/telepresence/infrastructure/mcu/api_guide/MCU_API_2-9.pdf",
     urldate = {2017-05-02}
}

@online{postgre_documentation,
	author = "The PostgreSQL Global Development Group",
    title = "PostgreSQL 9.6.3 Documentation",
    year = "2016",
    url = "https://www.postgresql.org/files/documentation/pdf/9.6/postgresql-9.6-A4.pdf",
    urldate = {2017-05-02}
}

@online{highcharts_documentation,
	author = "Highsoft AS",
    title = "Highcharts API Reference",
    year = "2016",
    url = "http://api.highcharts.com/highcharts",
    urldate = {2017-05-02}
}

@online{shongo,
    author = "Petr Holub and Martin Šrom and Ondřej Bouda and Ondřej Pavelka",
    title  = "Shongo -- Orchestrating National Collaborative Infrastructure",
    year   = "2012",
    url    = "http://www.internet2.edu/presentations/fall12/20121004-Holub-Shongo.pdf",
    urldate = {2017-05-02}
}

@online{shongoapi, 
	author = "Martin Šrom and Petr Holub and Jan Růžička and Miloš Liška and Ondřej Pavelka and Ivan Novakov",
    title = "Shongo API",
    year = "2013",
    url = "https://github.com/shongo/shongo/blob/master/shongo-doc/shongo/api/api.pdf",
    urldate = {2017-05-02}
}

@online{vue,
	author = "Evan You",
    title = "Vue.js",
    year = "2017",
    url = "https://vuejs.org/v2/api/",
    urldate = {2017-05-02}
}